<?xml version="1.0" encoding="UTF-8"?><record xmlns="http://www.loc.gov/MARC21/slim" xmlns:cinclude="http://apache.org/cocoon/include/1.0" xmlns:zs="http://www.loc.gov/zing/srw/">
  <leader>00647cz  a2200169n  4500</leader>
  <controlfield tag="001">n 2002011056</controlfield>
  <controlfield tag="003">DLC</controlfield>
  <controlfield tag="005">20100323074823.0</controlfield>
  <controlfield tag="008">020405n| acannaabn          |a aaa      </controlfield>
  <datafield tag="010" ind1=" " ind2=" ">
    <subfield code="a">n 2002011056</subfield>
    <subfield code="z">n  89601447 </subfield>
  </datafield>
  <datafield tag="035" ind1=" " ind2=" ">
    <subfield code="a">(Uk)003818492</subfield>
  </datafield>
  <datafield tag="040" ind1=" " ind2=" ">
    <subfield code="a">DLC</subfield>
    <subfield code="b">eng</subfield>
    <subfield code="c">DLC</subfield>
    <subfield code="d">Uk</subfield>
    <subfield code="d">DLC</subfield>
  </datafield>
  <datafield tag="100" ind1="1" ind2=" ">
    <subfield code="a">Atkinson, K.</subfield>
    <subfield code="q">(Kenneth),</subfield>
    <subfield code="d">1940-</subfield>
  </datafield>
  <datafield tag="400" ind1="1" ind2=" ">
    <subfield code="a">Atkinson, Kenneth,</subfield>
    <subfield code="d">1940-</subfield>
  </datafield>
  <datafield tag="400" ind1="1" ind2=" ">
    <subfield code="a">Atkinson, Ken,</subfield>
    <subfield code="d">1940-</subfield>
  </datafield>
  <datafield tag="670" ind1=" " ind2=" ">
    <subfield code="a">Fundamentals of the physical environment, 2002:</subfield>
    <subfield code="b">t.p. (Ken Atkinson) pub. info. (b. Jan. 16, 1940; Senior Lecturer in Geography at the Univ. of Leeds)</subfield>
  </datafield>
  <datafield tag="670" ind1=" " ind2=" ">
    <subfield code="a">LC data base, April 5, 2002</subfield>
    <subfield code="b">(hdg.: Atkinson, Kenneth; usage: K. Atkinson)</subfield>
  </datafield>
</record>